<?xml version='1.0'?>

<searchRetrieveResponse xmlns="http://www.loc.gov/zing/srw/">
<version>1.1</version>
<numberOfRecords>4744</numberOfRecords>
<records>
<record><recordSchema>info:srw/schema/1/marcxml-v1.1</recordSchema><recordPacking>xml</recordPacking><recordData><record xmlns="http://www.loc.gov/MARC21/slim">
<leader>00000ngm  22      a 4500</leader>
  <controlfield tag="001">9759148</controlfield>
  <controlfield tag="005">20131219083553.0</controlfield>
  <controlfield tag="008">s2009    xx dut||||||||||||||||| u</controlfield>
  <datafield tag="245" ind1="1" ind2="4" >
    <subfield code="a">DNA onbekend: deel 4</subfield>
  </datafield>
  <datafield tag="246" ind1="0" ind2=" " >
    <subfield code="a">DNA onbekend; jrg.1</subfield>
  </datafield>

  <datafield tag="100" ind1="1" ind2=" ">
    <subfield code="a">NCRV</subfield>
  </datafield>
  <datafield tag="653" ind1=" " ind2="0">
    <subfield code="a">DNA</subfield>
   </datafield>
  <datafield tag="653" ind1=" " ind2="0">
    <subfield code="a">psychologie</subfield>
   </datafield>
  <datafield tag="653" ind1=" " ind2="0">
    <subfield code="a">persoonlijkheidsleer159.9</subfield>
   </datafield>
  <datafield tag="653" ind1=" " ind2="0">
    <subfield code="a">159.93</subfield>
   </datafield>
  <datafield tag="260" ind1=" " ind2=" ">
    <subfield code="b">Hilversum : NCRV,</subfield>
    <subfield code="c">2009</subfield>
   </datafield>

  <datafield tag="520" ind1="3" ind2=" ">
    <subfield code="a">In de vierde aflevering van DNA Onbekend het verhaal van Diana. Zij is de jongste van drie dochters. Diana is er echter niet zo zeker van dat haar vader haar biologische vader is. Als ze gaat trouwen, ontdekt ze namelijk dat haar geboorte niet is aangegeven door haar vader, maar door haar oma. Wanneer ze haar vader hiermee confronteert, reageert hij boos. Hij wil er niet over praten. Daarbij vindt Diana dat ze totaal niet op haar twee zussen lijkt. Omdat haar beide ouders zijn overleden, kan ze dit niet meer aan hen vragen. Diana wil graag het verleden laten rusten, maar dat kan pas als de onderste steen boven is. Alleen DNA-onderzoek kan onomstotelijk bewijs leveren. Verder het ongelofelijke verhaal van de 61-jarige Nel. Voordat haar zus Miep overlijdt in 1996, ontvangt Nel een telefoontje van haar waarin ze zegt dat ze een groot geheim moet delen. Dan krijgt Miep een hartaanval en ze neemt het grote geheim mee haar graf in. Maar Nel denkt te weten wat ze wilde vertellen. Miep zou niet haar zus zijn, maar haar moeder! Er zijn echter nauwelijks manieren om dit bevestigd te krijgen en voor Nel lopen alle sporen naar het verleden dood. Met een reguliere DNA-test kan niet worden aangetoond of haar zus inderdaad haar moeder was. Maar Nel heeft twee haren en sieraden bewaard die mogelijk voor opheldering kunnen zorgen. Door middel van forensisch DNA-onderzoek wordt geprobeerd om het ware verhaal over haar afkomst te achterhalen (Bron: http://dna.ncrv.nl).</subfield>
   </datafield>


  <datafield tag="852" ind1=" " ind2=" ">
    <subfield code="a">KHLEUVEN</subfield>
    <subfield code="u">008616731</subfield>
  </datafield>


</record>
</recordData><recordPosition>1</recordPosition></record>