
<record><recordSchema>info:srw/schema/1/marcxml-v1.1</recordSchema><recordPacking>xml</recordPacking><recordData><record xmlns="http://www.loc.gov/MARC21/slim">
<leader>00000ngm  22      a 4500</leader>
  <controlfield tag="001">9759207</controlfield>
  <controlfield tag="005">20131219083553.0</controlfield>
  <controlfield tag="008">s2009    xx dut||||||||||||||||| u</controlfield>
  <datafield tag="245" ind1="1" ind2="4" >
    <subfield code="a">DNA onbekend: deel 5</subfield>
  </datafield>
  <datafield tag="246" ind1="0" ind2=" " >
    <subfield code="a">DNA onbekend; jrg.1</subfield>
  </datafield>

  <datafield tag="100" ind1="1" ind2=" ">
    <subfield code="a">NCRV</subfield>
  </datafield>
  <datafield tag="653" ind1=" " ind2="0">
    <subfield code="a">DNA</subfield>
   </datafield>
  <datafield tag="653" ind1=" " ind2="0">
    <subfield code="a">psychologie</subfield>
   </datafield>
  <datafield tag="653" ind1=" " ind2="0">
    <subfield code="a">persoonlijkheidsleer159.9</subfield>
   </datafield>
  <datafield tag="653" ind1=" " ind2="0">
    <subfield code="a">159.93</subfield>
   </datafield>
  <datafield tag="260" ind1=" " ind2=" ">
    <subfield code="b">Hilversum : NCRV,</subfield>
    <subfield code="c">2009</subfield>
   </datafield>

  <datafield tag="520" ind1="3" ind2=" ">
    <subfield code="a">In deze vijfde aflevering van DNA Onbekend het verhaal van de 45-jarige Petra. Zij groeide op in een gezin van drie kinderen. Vijfentwintig jaar geleden ontdekte ze dat haar vader mogelijk geen drie, maar vier kinderen heeft. Want voordat Petra&#39;s vader haar moeder ontmoette, was hij vier jaar lang verloofd met een andere vrouw. Uit deze relatie zou Jörg geboren zijn. Maar de vrouw heeft altijd ontkend dat Petra&#39;s vader de vader is van Jörg. Anderhalf jaar geleden start Petra de zoektocht naar deze Jörg en in maart van dit jaar is het raak. Hij blijkt volledig in het ongewisse te zijn over de verhalen over zijn afkomst. Heeft hij een andere vader dan hij altijd heeft gedacht? Zijn ze elkaars verwanten? Ook in DNA Onbekend de wonderlijke verwantschapskwestie van de vriendinnen Tara en Trushna uit Friesland. Beiden zijn geboren in India en geadopteerd door Nederlandse gezinnen. De ouders van de meisjes hebben, zeker in de eerste jaren na de adoptie, veel contact gehouden, waardoor Tara en Trushna hartsvriendinnen zijn geworden. Ze delen niet alleen hun geboorteland India, ook komen ze uit dezelfde stad en zelfs uit hetzelfde tehuis. Ook schelen ze slechts één dag in leeftijd. Hun hele leven horen ze al dat ze erg op elkaar lijken en wordt hun gevraagd of ze geen tweeling zijn. Ze voelen ook een verwantschap, maar achten de kans erg klein dat ze ook daadwerkelijk zussen zijn. De hoop is er echter wel degelijk! Omdat in India alle sporen naar hun afkomst zijn doodgelopen, is een DNA-test nog de enige manier om er achter te komen of Tara en Trushna familie zijn. (Bron:dna.ncrv.nl)</subfield>
   </datafield>


  <datafield tag="852" ind1=" " ind2=" ">
    <subfield code="a">KHLEUVEN</subfield>
    <subfield code="u">008616806</subfield>
  </datafield>


</record>
</recordData><recordPosition>2</recordPosition></record>