
<record><recordSchema>info:srw/schema/1/marcxml-v1.1</recordSchema><recordPacking>xml</recordPacking><recordData><record xmlns="http://www.loc.gov/MARC21/slim">
<leader>00000ngm  22      a 4500</leader>
  <controlfield tag="001">9759032</controlfield>
  <controlfield tag="005">20131219083551.0</controlfield>
  <controlfield tag="008">s2009    xx dut||||||||||||||||| u</controlfield>
  <datafield tag="245" ind1="1" ind2="4" >
    <subfield code="a">DNA onbekend: deel 2</subfield>
  </datafield>
  <datafield tag="246" ind1="0" ind2=" " >
    <subfield code="a">DNA onbekend; jrg.1</subfield>
  </datafield>

  <datafield tag="100" ind1="1" ind2=" ">
    <subfield code="a">NCRV</subfield>
  </datafield>
  <datafield tag="653" ind1=" " ind2="0">
    <subfield code="a">DNA</subfield>
   </datafield>
  <datafield tag="653" ind1=" " ind2="0">
    <subfield code="a">psychologie</subfield>
   </datafield>
  <datafield tag="653" ind1=" " ind2="0">
    <subfield code="a">persoonlijkheidsleer159.9</subfield>
   </datafield>
  <datafield tag="653" ind1=" " ind2="0">
    <subfield code="a">159.93</subfield>
   </datafield>
  <datafield tag="260" ind1=" " ind2=" ">
    <subfield code="b">Hilversum : NCRV,</subfield>
    <subfield code="c">2009</subfield>
   </datafield>

  <datafield tag="520" ind1="3" ind2=" ">
    <subfield code="a">Is mijn vader wel mijn echte vader? Zijn mijn broers en zussen wel mijn echte familie? Grote twijfels en onbeantwoorde vragen over familiebanden laten diepe sporen na in het leven van de mensen. Caroline Tensen helpt mensen om voor eens en altijd duidelijkheid te scheppen. -Het verhaal van Marjan (1943). In haar kindertijd zijn haar ouders goed bevriend met een getrouwd stel verderop in hun straat. Ook Marjan komt daar regelmatig over de vloer. Als haar ouders in 1990 allebei zijn overleden, komt diezelfde buurvrouw langs met een schokkend bericht: Marjan zou verwekt zijn door de buurman! Buurjongen Peter kreeg op zijn elfde al van zijn moeder te horen dat Marjan zijn halfzus zou zijn, maar hem wordt verboden hierover te spreken. Nadat zijn moeder, al die jaren later, het zwijgen verbreekt, besluit Peter om Marjan een brief te schrijven. Ze wil het verleden laten rusten en houdt het contact met hem af. Ze wil eigenlijk niets weten over het eventuele ware verhaal van haar afkomst. Tot Peters verdriet die dolgraag een zus zou willen hebben. Bijna twintig jaar is er geen contact en vandaag ontmoeten ze elkaar weer voor het eerst. Zal een DNA-test eindelijk duidelijk maken of Peter en Marjan inderdaad broer en zus zijn? -Verder het verhaal van de 32-jarige Johan. Zestien jaar geleden ontmoet hij voor het eerst zijn vermeende biologische vader, Piet en zijn halfzus Alexandra. De band tussen de drie is sinds die tijd zeer hecht. Maar Johan blijft twijfelen en niemand weet 100 procent zeker of Johan en Piet wel echt vader en zoon zijn. Het is voor Johan heel belangrijk om uitsluitsel te krijgen over zijn vader; hij overweegt zelfs naamsverandering als blijkt dat Piet inderdaad zijn echte vader is. Zal DNA-onderzoek het onomstotelijke bewijs leveren? Presentatie: Caroline Tensen.(Bron: http://dna.ncrv.nl/ncrvgemist/dna-onbekend-0)</subfield>
   </datafield>


  <datafield tag="852" ind1=" " ind2=" ">
    <subfield code="a">KHLEUVEN</subfield>
    <subfield code="u">008616600</subfield>
  </datafield>


</record>
</recordData><recordPosition>3</recordPosition></record>