
<record><recordSchema>info:srw/schema/1/marcxml-v1.1</recordSchema><recordPacking>xml</recordPacking><recordData><record xmlns="http://www.loc.gov/MARC21/slim">
<leader>00000ngm  22      a 4500</leader>
  <controlfield tag="001">9758981</controlfield>
  <controlfield tag="005">20131219083551.0</controlfield>
  <controlfield tag="008">s2009    xx dut||||||||||||||||| u</controlfield>
  <datafield tag="245" ind1="1" ind2="4" >
    <subfield code="a">DNA onbekend: deel 1</subfield>
  </datafield>
  <datafield tag="246" ind1="0" ind2=" " >
    <subfield code="a">DNA onbekend; jrg.1</subfield>
  </datafield>

  <datafield tag="100" ind1="1" ind2=" ">
    <subfield code="a">NCRV</subfield>
  </datafield>
  <datafield tag="653" ind1=" " ind2="0">
    <subfield code="a">DNA</subfield>
   </datafield>
  <datafield tag="653" ind1=" " ind2="0">
    <subfield code="a">psychologie</subfield>
   </datafield>
  <datafield tag="653" ind1=" " ind2="0">
    <subfield code="a">persoonlijkheidsleer159.9</subfield>
   </datafield>
  <datafield tag="653" ind1=" " ind2="0">
    <subfield code="a">159.93</subfield>
   </datafield>
  <datafield tag="260" ind1=" " ind2=" ">
    <subfield code="b">Hilversum : NCRV,</subfield>
    <subfield code="c">2009</subfield>
   </datafield>

  <datafield tag="520" ind1="3" ind2=" ">
    <subfield code="a">Is mijn vader wel mijn echte vader? Zijn mijn broers en zussen wel mijn echte familie? Grote twijfels en onbeantwoorde vragen over familiebanden laten diepe sporen na in het leven van de mensen. Caroline Tensen helpt mensen om voor eens en altijd duidelijkheid te scheppen. Caroline ontmoet de Amsterdamse muzikant Willem. Hij wil graag uitzoeken of de 21-jarige Thialda uit Vlieland echt zijn dochter is. Willem heeft ernstig uitgezaaide darmkanker en heeft waarschijnlijk niet lang meer te leven. Voordat hij overlijdt, wil Willem duidelijkheid. Ook Thialda wil de waarheid weten. Is Willem haar vader, of is het Dirk, de man met wie haar moeder al ruim twintig jaar samen is? Een DNA-onderzoek brengt eindelijk een einde aan de onzekerheid. -Ook het indrukwekkende verhaal van Ton. Zijn hele leven lang weigert zijn moeder te vertellen wie zijn vader is. Na het overlijden van zijn moeder, lijkt het familiegeheim zich eindelijk te ontrafelen. Ton vindt tussen de spullen van zijn moeder een liefdesbrief en een foto van een Canadese soldaat. Inmiddels denkt de 61-jarige Ton zelfs een halfbroer te hebben gevonden; een zoon van zijn vermoedelijke vader. Ze zien vele gelijkenissen bij elkaar, maar alleen een DNA-onderzoek kan Ton eindelijk die gewenste honderd procent zekerheid geven (Bron: http://www.hebikietsgemist.nl).</subfield>
   </datafield>


  <datafield tag="852" ind1=" " ind2=" ">
    <subfield code="a">KHLEUVEN</subfield>
    <subfield code="u">008616540</subfield>
  </datafield>


</record>
</recordData><recordPosition>4</recordPosition></record>