
<record><recordSchema>info:srw/schema/1/marcxml-v1.1</recordSchema><recordPacking>xml</recordPacking><recordData><record xmlns="http://www.loc.gov/MARC21/slim">
<leader>00000ngm  22      a 4500</leader>
  <controlfield tag="001">9759071</controlfield>
  <controlfield tag="005">20131219083552.0</controlfield>
  <controlfield tag="008">s2009    xx dut||||||||||||||||| u</controlfield>
  <datafield tag="245" ind1="1" ind2="4" >
    <subfield code="a">DNA onbekend: deel 3</subfield>
  </datafield>
  <datafield tag="246" ind1="0" ind2=" " >
    <subfield code="a">DNA onbekend; jrg.1</subfield>
  </datafield>

  <datafield tag="100" ind1="1" ind2=" ">
    <subfield code="a">NCRV</subfield>
  </datafield>
  <datafield tag="653" ind1=" " ind2="0">
    <subfield code="a">DNA</subfield>
   </datafield>
  <datafield tag="653" ind1=" " ind2="0">
    <subfield code="a">psychologie</subfield>
   </datafield>
  <datafield tag="653" ind1=" " ind2="0">
    <subfield code="a">persoonlijkheidsleer159.9</subfield>
   </datafield>
  <datafield tag="653" ind1=" " ind2="0">
    <subfield code="a">159.93</subfield>
   </datafield>
  <datafield tag="260" ind1=" " ind2=" ">
    <subfield code="b">Hilversum : NCRV,</subfield>
    <subfield code="c">2009</subfield>
   </datafield>

  <datafield tag="520" ind1="3" ind2=" ">
    <subfield code="a">Is mijn vader wel mijn echte vader? Zijn mijn broers en zussen wel mijn echte familie? Grote twijfels en onbeantwoorde vragen over familiebanden laten diepe sporen na in het leven van de mensen. Caroline Tensen helpt mensen om voor eens en altijd duidelijkheid te scheppen. De familie Wehnes staat centraal. Een groot gezin met maar liefst vijftien kinderen. Eén van hen is Elly en zij krijgt als kind regelmatig ingewreven dat Pa Wehnes niet haar vader zou zijn. Hun relatie is nooit goed geweest. Elly werd geestelijk en zelfs lichamelijk door hem mishandeld. Zij hoopt dan ook vurig dan hij niet haar echte vader is. Het verhaal doet de ronde dat Elly een kind zou zijn van de bloemenman, Joop van Tuyne. Elly is niet het enige kind in het gezin met twijfels. Ook haar broer Peter worstelt met zijn afkomst. Zijn hele leven gaan er geruchten dat ook híj geen echte Wehnes zou zijn. In zijn geval wordt de naam van ene meneer Koek genoemd, hoewel Elly denkt dat Peter ook wel eens van de bloemenman zou kunnen zijn. Wanneer Peter na het overlijden van zijn moeder documenten van meneer Koek tussen haar spullen vindt, is de twijfel compleet. Is Peter een kind van Koek, van bloemenman Van Tuyne of van Pa Wehnes? Een DNA-test zal het moeten uitwijzen. Presentatie: Caroline Tensen (Bron: http://dna.ncrv.nl).</subfield>
   </datafield>


  <datafield tag="852" ind1=" " ind2=" ">
    <subfield code="a">KHLEUVEN</subfield>
    <subfield code="u">008616648</subfield>
  </datafield>


</record>
</recordData><recordPosition>5</recordPosition></record>