
<record><recordSchema>info:srw/schema/1/marcxml-v1.1</recordSchema><recordPacking>xml</recordPacking><recordData><record xmlns="http://www.loc.gov/MARC21/slim">
<leader>00000ngm  22      a 4500</leader>
  <controlfield tag="001">9759319</controlfield>
  <controlfield tag="005">20131219083554.0</controlfield>
  <controlfield tag="008">s2009    xx dut||||||||||||||||| u</controlfield>
  <datafield tag="245" ind1="1" ind2="4" >
    <subfield code="a">DNA onbekend: deel 9</subfield>
  </datafield>
  <datafield tag="246" ind1="0" ind2=" " >
    <subfield code="a">DNA onbekend; jrg.1</subfield>
  </datafield>

  <datafield tag="100" ind1="1" ind2=" ">
    <subfield code="a">NCRV</subfield>
  </datafield>
  <datafield tag="653" ind1=" " ind2="0">
    <subfield code="a">DNA</subfield>
   </datafield>
  <datafield tag="653" ind1=" " ind2="0">
    <subfield code="a">psychologie</subfield>
   </datafield>
  <datafield tag="653" ind1=" " ind2="0">
    <subfield code="a">persoonlijkheidsleer159.9</subfield>
   </datafield>
  <datafield tag="653" ind1=" " ind2="0">
    <subfield code="a">159.93</subfield>
   </datafield>
  <datafield tag="260" ind1=" " ind2=" ">
    <subfield code="b">Hilversum : NCRV,</subfield>
    <subfield code="c">2009</subfield>
   </datafield>

  <datafield tag="520" ind1="3" ind2=" ">
    <subfield code="a">-Het indringende verhaal van de 35-jarige Olaf. Hij werd geboren in een opvanghuis voor alleenstaande (ongewenst) zwangere vrouwen. Zijn moeder stond hem af en Olaf werd als peuter geadopteerd door zijn oom en tante. Olaf groeit op in dit streng christelijke gezin waar hij het zowel geestelijk als lichamelijk zwaar te verduren heeft. De relatie met zijn adoptie-ouders is zo slecht dat Olaf op 21-jarige leeftijd de adoptie laat herroepen. Inmiddels is ook het contact met Olafs biologische moeder voorzichtig in gang gezet. Dit verloopt redelijk, zolang het oppervlakkig blijft. Op het moment dat Olaf vragen begint te stellen over zijn echte vader zwijgt zij in alle toonaarden. Het gaat zelfs zover dat Olaf haar voor de rechter daagt. Het enige wat in de rechtszaak boven water komt, is de naam van zijn moeders vriendje ten tijde van Olafs verwekking. Hoewel moeder verklaart dat deze man niet de vader is, komen zijn naam en leeftijd wel overeen met aanwijzingen die Olaf heeft gevonden in het dossier van het opvanghuis. Zijn zoektocht lijkt zich te hebben toegespitst op één manen de eerste ontmoeting met hem is moeilijk en verwarrend. Olaf hoopt op duidelijkheid, maar er gaan jaren overeen voordat de man instemt met een DNA-test. Vandaag krijgt Olaf eindelijk uitsluitsel over zijn vader. -De 55-jarige Neja groeide op in een gezin van vier kinderen. Vanaf haar vroegste jeugd kreeg ze opmerkingen te horen over haar afkomst. Regelmatig werd er gegrapt dat ze geadopteerd zou zijn of dat ze &#39;onder een boom&#39; gevonden was. Nooit wist ze hoe serieus ze deze opmerkingen moest nemen. Pas later begon ze steeds vaker te twijfelen of er niet werkelijk een kern van waarheid zou kunnen zitten in de toespelingen. Neja&#39;s moeder was voor de buitenwacht een vrolijke en joviale vrouw, maar binnen het gezin had ze een andere kant. Neja en haar jongste broer omschrijven de moeder als een echte toneelspeelster. Ze was een behoorlijke flirt, had regelmatig mannen over de vloer en kon ook da</subfield>
   </datafield>


  <datafield tag="852" ind1=" " ind2=" ">
    <subfield code="a">KHLEUVEN</subfield>
    <subfield code="u">008616940</subfield>
  </datafield>


</record>
</recordData><recordPosition>6</recordPosition></record>