
<record><recordSchema>info:srw/schema/1/marcxml-v1.1</recordSchema><recordPacking>xml</recordPacking><recordData><record xmlns="http://www.loc.gov/MARC21/slim">
<leader>00000nam  22      a 4500</leader>
  <controlfield tag="001">728175</controlfield>
  <controlfield tag="005">20131217203139.0</controlfield>
  <controlfield tag="008">s2001    xx eng||||||||||||||||| u</controlfield>
  <datafield tag="245" ind1="1" ind2="4" >
    <subfield code="a">DNA technology: the awesome skill</subfield>
  </datafield>
  <datafield tag="246" ind1="0" ind2=" " >
    <subfield code="a">DNA TECHNOLOGY THE AWESOME SKILL</subfield>
  </datafield>

  <datafield tag="100" ind1="1" ind2=" ">
    <subfield code="a">Alcamo, I. Edward</subfield>
  </datafield>
  <datafield tag="653" ind1=" " ind2="0">
    <subfield code="a">DNA</subfield>
   </datafield>
  <datafield tag="653" ind1=" " ind2="0">
    <subfield code="a">DNA</subfield>
   </datafield>
  <datafield tag="653" ind1=" " ind2="0">
    <subfield code="a">GENETIC TECHNIQUES</subfield>
   </datafield>
  <datafield tag="653" ind1=" " ind2="0">
    <subfield code="a">GENE THERAPY</subfield>
   </datafield>
  <datafield tag="653" ind1=" " ind2="0">
    <subfield code="a">DNA</subfield>
   </datafield>
  <datafield tag="653" ind1=" " ind2="0">
    <subfield code="a">ANIMALS, GENETICALLY MODIFIED</subfield>
   </datafield>
  <datafield tag="653" ind1=" " ind2="0">
    <subfield code="a">AGRICULTURE</subfield>
   </datafield>
  <datafield tag="653" ind1=" " ind2="0">
    <subfield code="a">HUMAN GENOME PROJECTHISTORY</subfield>
   </datafield>
  <datafield tag="653" ind1=" " ind2="0">
    <subfield code="a">ULTRASTRUCTURE</subfield>
   </datafield>
  <datafield tag="653" ind1=" " ind2="0">
    <subfield code="a">ANALYSIS</subfield>
   </datafield>
  <datafield tag="020" ind1=" " ind2=" ">
    <subfield code="a">0120489201 9780120489206</subfield>
   </datafield>
  <datafield tag="260" ind1=" " ind2=" ">
    <subfield code="b">New York ; London : Academic Press,</subfield>
    <subfield code="c">2001</subfield>
   </datafield>

  <datafield tag="520" ind1="3" ind2=" ">
    <subfield code="a">DNA Technology, Second Edition, is a survey of biotechnology written to enlighten readers about the breakthroughs made possible by the science and technologies associated with current DNA research. Ed Alcamo gives the educated layperson a survey of DNA by presenting a brief history of genetics, a clear outline of techniques that are in use, and indications of breakthroughs in cloning and other DNA advances. Appropriate for a wide range of courses for non-biology majors, including a DNA for Lawyers course or allied health and nursing courses. * An introductory treatment of aspects of DNA technology written to enlighten the reader about the breakthroughs made possible by the science and technologies associated with DNA * Emphasizes the practical implications and applications of the new genetic technologies; readers will come away saying, &quot;So that&#39;s what DNA technology is all about!&quot; * Helps students, business people, lawyers, and jurists gain more confidence in their ability to to understand and appreciate DNA technology and human genetics * Persons with genetic diseases will gain a clearer understanding of their afflictions and understand the bases for possible cures * Agriculturists will have insight into the genetic basis for gene-altered plants and animals * The general public will better appreciate the nature and reasons for the Human Genome Project now in progress.</subfield>
   </datafield>


  <datafield tag="852" ind1=" " ind2=" ">
    <subfield code="a">UAntwerpen</subfield>
    <subfield code="u">3070913</subfield>
  </datafield>
  <datafield tag="852" ind1=" " ind2=" ">
    <subfield code="a">ULB</subfield>
    <subfield code="u">941666</subfield>
  </datafield>
  <datafield tag="852" ind1=" " ind2=" ">
    <subfield code="a">ULg</subfield>
    <subfield code="u">ALEPH_ULG000939672</subfield>
  </datafield>


</record>
</recordData><recordPosition>7</recordPosition></record>