
<record><recordSchema>info:srw/schema/1/marcxml-v1.1</recordSchema><recordPacking>xml</recordPacking><recordData><record xmlns="http://www.loc.gov/MARC21/slim">
<leader>00000nam  22      a 4500</leader>
  <controlfield tag="001">6096916</controlfield>
  <controlfield tag="005">20131218215254.0</controlfield>
  <controlfield tag="008">s2005    xx eng||||||||||||||||| u</controlfield>
  <datafield tag="245" ind1="1" ind2="4" >
    <subfield code="a">Multiple aspects of DNA and RNA : from biophysics to bioinformatics: école d&#39;été de physique des Houches, session LXXXII [82], 2-27 August 2004 : Euro summer school, NATO advanced study institute, école thématique du CNRS</subfield>
  </datafield>
  <datafield tag="246" ind1="0" ind2=" " >
    <subfield code="a">Multiple aspects of deoxyribonucleic acid and ribonucleic acid</subfield>
  </datafield>
  <datafield tag="246" ind1="0" ind2=" " >
    <subfield code="a">From biophysics to bioinformatics</subfield>
  </datafield>
  <datafield tag="246" ind1="0" ind2=" " >
    <subfield code="a">École d&#39;été de physique des Houches, session LXXXII, 2-27 August 2004</subfield>
  </datafield>
  <datafield tag="246" ind1="0" ind2=" " >
    <subfield code="a">Les Houches, session LXXXII, NATO ASI</subfield>
  </datafield>
  <datafield tag="246" ind1="0" ind2=" " >
    <subfield code="a">MULTIPLE ASPECTS OF DNA AND RNA FROM BIOPHYSICS TO BIOINFORMATICS éCOLE D&#39;éTé DE PHYSIQUE DES HOUCHES SESSION LXXXII 82 2 27 AUGUST 2004 EURO SUMMER SCHOOL NATO ADVANCED STUDY INSTITUTE éCOLE THéMATIQUE DU CNRS</subfield>
  </datafield>
  <datafield tag="246" ind1="0" ind2=" " >
    <subfield code="a">&lt;&lt;Les&gt;&gt; Houches</subfield>
  </datafield>

  <datafield tag="100" ind1="1" ind2=" ">
    <subfield code="a">CHATENAY, Didier</subfield>
  </datafield>
  <datafield tag="100" ind1="1" ind2=" ">
    <subfield code="a">COCCO, Simona</subfield>
  </datafield>
  <datafield tag="100" ind1="1" ind2=" ">
    <subfield code="a">MONASSON, Rémi</subfield>
  </datafield>
  <datafield tag="100" ind1="1" ind2=" ">
    <subfield code="a">THIEFFRY, Denis</subfield>
  </datafield>
  <datafield tag="100" ind1="1" ind2=" ">
    <subfield code="a">DALIBARD, Jean</subfield>
  </datafield>
  <datafield tag="653" ind1=" " ind2="0">
    <subfield code="a">DNA</subfield>
   </datafield>
  <datafield tag="653" ind1=" " ind2="0">
    <subfield code="a">RNA</subfield>
   </datafield>
  <datafield tag="653" ind1=" " ind2="0">
    <subfield code="a">Biophysics</subfield>
   </datafield>
  <datafield tag="653" ind1=" " ind2="0">
    <subfield code="a">Computational Biology</subfield>
   </datafield>
  <datafield tag="653" ind1=" " ind2="0">
    <subfield code="a">Models, Biological</subfield>
   </datafield>
  <datafield tag="653" ind1=" " ind2="0">
    <subfield code="a">Nucleic acids</subfield>
   </datafield>
  <datafield tag="653" ind1=" " ind2="0">
    <subfield code="a">Biophysics</subfield>
   </datafield>
  <datafield tag="653" ind1=" " ind2="0">
    <subfield code="a">Computational biology</subfield>
   </datafield>
  <datafield tag="653" ind1=" " ind2="0">
    <subfield code="a">Acides nucléiques</subfield>
   </datafield>
  <datafield tag="653" ind1=" " ind2="0">
    <subfield code="a">Biophysique</subfield>
   </datafield>
  <datafield tag="653" ind1=" " ind2="0">
    <subfield code="a">Bio-informatiqueCongresses</subfield>
   </datafield>
  <datafield tag="653" ind1=" " ind2="0">
    <subfield code="a">Congresses.</subfield>
   </datafield>
  <datafield tag="653" ind1=" " ind2="0">
    <subfield code="a">Congresses.</subfield>
   </datafield>
  <datafield tag="653" ind1=" " ind2="0">
    <subfield code="a">Congrès</subfield>
   </datafield>
  <datafield tag="653" ind1=" " ind2="0">
    <subfield code="a">Congrès</subfield>
   </datafield>
  <datafield tag="653" ind1=" " ind2="0">
    <subfield code="a">Congresses</subfield>
   </datafield>
  <datafield tag="020" ind1=" " ind2=" ">
    <subfield code="a">9780444520814 0444520813</subfield>
   </datafield>
  <datafield tag="260" ind1=" " ind2=" ">
    <subfield code="b">Amsterdam : Elsevier,</subfield>
    <subfield code="c">2005</subfield>
   </datafield>

  <datafield tag="520" ind1="3" ind2=" ">
    <subfield code="a">This book is dedicated to the multiple aspects, that is, biological, physical and computational of DNA and RNA molecules. These molecules, central to vital processes, have been experimentally studied by molecular biologists for five decades since the discovery of the structure of DNA by Watson and Crick in 1953. Recent progresses (e.g. use of DNA chips, manipulations at the single molecule level, availability of huge genomic databases...) have revealed an imperious need for theoretical modelling. Further progresses will clearly not be possible without an integrated understanding of all DNA and RNA aspects and studies.&lt;P&gt; The book is intended to be a desktop reference for advanced graduate students or young researchers willing to acquire a broad interdisciplinary understanding of the multiple aspects of DNA and RNA. It is divided in three main sections:&lt;P&gt; The first section comprises an introduction to biochemistry and biology of nucleic acids. The structure and function of DNA are reviewed in R. Lavery&#39;s chapter. The next contribution, by V. Fritsch and E. Westhof, concentrates on the folding properties of RNA molecules. The cellular processes involving these molecules are reviewed by J. Kadonaga, with special emphasis on the regulation of transcription. These chapters does not require any preliminary knowledge in the field (except that of elementary biology and chemistry).&lt;P&gt; The second section covers the biophysics of DNA and RNA, starting with basics in polymer physics in the contribution by R. Khokhlov. A large space is then devoted to the presentation of recent experimental and theoretical progresses in the field of single molecule studies. T. Strick&#39;s contribution presents a detailed description of the various micro-manipulation techniques, and reviews recent experiments on the interactions between DNA and proteins (helicases, topoisomerases, ...). The theoretical modeling of single molecules is presented by J. Marko, with a special attention paid to the elastic and topological properties of DNA. Finally, advances in the understanding of electrophoresis, a technique of crucial importance in everyday molecular biology, are exposed in T. Duke&#39;s contribution.&lt;P&gt; The third section presents provides an overview of the main computational approaches to integrate, analyse and simulate molecular and genetic networks. First, J. van Helden introduces a series of statistical and computational methods allowing the identification of short nucleic fragments putatively involved in the regulation of gene expression from sets of promoter sequences controlling co-expressed genes. Next, the chapter by Samsonova et al. connects this issue of transcriptional regulation with that of the control of cell differentiation and pattern formation during embryonic development. Finally, H. de Jong and D. Thieffry review a series of mathematical approaches to model the dynamical behaviour of complex genetic regulatory networks. This contribution includes brief descriptions and references to successful applications of these approaches, including the work of B. Novak, on the dynamical modelling of cell cycle in different model organisms, from yeast to mammals.&lt;P&gt; . Provides a comprehensive overview of the structure and function of DNA and RNA at the interface between physics, biology and information science.</subfield>
   </datafield>


  <datafield tag="852" ind1=" " ind2=" ">
    <subfield code="a">ULB</subfield>
    <subfield code="u">942924</subfield>
  </datafield>
  <datafield tag="852" ind1=" " ind2=" ">
    <subfield code="a">ULg</subfield>
    <subfield code="u">ALEPH_ULG000469807</subfield>
  </datafield>


</record>
</recordData><recordPosition>8</recordPosition></record>