
<record><recordSchema>info:srw/schema/1/marcxml-v1.1</recordSchema><recordPacking>xml</recordPacking><recordData><record xmlns="http://www.loc.gov/MARC21/slim">
<leader>00000nam  22      a 4500</leader>
  <controlfield tag="001">6095696</controlfield>
  <controlfield tag="005">20131218215219.0</controlfield>
  <controlfield tag="008">s1996    xx eng||||||||||||||||| u</controlfield>
  <datafield tag="245" ind1="1" ind2="4" >
    <subfield code="a">Enzymology primer for recombinant DNA technology</subfield>
  </datafield>
  <datafield tag="246" ind1="0" ind2=" " >
    <subfield code="a">Recombinant DNA technology</subfield>
  </datafield>
  <datafield tag="246" ind1="0" ind2=" " >
    <subfield code="a">ENZYMOLOGY PRIMER FOR RECOMBINANT DNA TECHNOLOGY</subfield>
  </datafield>

  <datafield tag="100" ind1="1" ind2=" ">
    <subfield code="a">Eun, Hyone-Myong</subfield>
  </datafield>
  <datafield tag="653" ind1=" " ind2="0">
    <subfield code="a">Enzymes.</subfield>
   </datafield>
  <datafield tag="653" ind1=" " ind2="0">
    <subfield code="a">Genetic engineering.</subfield>
   </datafield>
  <datafield tag="653" ind1=" " ind2="0">
    <subfield code="a">Recombinant DNA.</subfield>
   </datafield>
  <datafield tag="020" ind1=" " ind2=" ">
    <subfield code="a">9780122437403 0122437403</subfield>
   </datafield>
  <datafield tag="260" ind1=" " ind2=" ">
    <subfield code="b">San Diego (Calif.) : Academic press,</subfield>
    <subfield code="c">1996</subfield>
   </datafield>

  <datafield tag="520" ind1="3" ind2=" ">
    <subfield code="a">Enzymes are indispensable tools in recombinant DNA technology and genetic engineering. This book not only provides information for enzymologists, but does so in a manner that will also aid nonenymologists in making proper use of these biocatalysts in their research. The Enzymology Primer for Recombinant DNA Technology includes information not usually found in the brief descriptions given in most books on recombinant DNA methodology and gene cloning. Key Features * Provides essential basics as well as up-to-date information on enzymes most commonly used in recombinant DNA technology * Presents information in an easily accessible format to serve as a quick reference source * Leads to a better understanding of the role of biocatalysts in recombinant DNA techniques.</subfield>
   </datafield>


  <datafield tag="852" ind1=" " ind2=" ">
    <subfield code="a">UGent</subfield>
    <subfield code="u">rug01/000394251</subfield>
  </datafield>
  <datafield tag="852" ind1=" " ind2=" ">
    <subfield code="a">ULB</subfield>
    <subfield code="u">941470</subfield>
  </datafield>
  <datafield tag="852" ind1=" " ind2=" ">
    <subfield code="a">ULg</subfield>
    <subfield code="u">ALEPH_ULG001015906</subfield>
  </datafield>


</record>
</recordData><recordPosition>9</recordPosition></record>