
<record><recordSchema>info:srw/schema/1/marcxml-v1.1</recordSchema><recordPacking>xml</recordPacking><recordData><record xmlns="http://www.loc.gov/MARC21/slim">
<leader>00000nam  22      a 4500</leader>
  <controlfield tag="001">881141</controlfield>
  <controlfield tag="005">20131217205051.0</controlfield>
  <controlfield tag="008">s        xx    ||||||||||||||||| u</controlfield>
  <datafield tag="245" ind1="1" ind2="4" >
    <subfield code="a">DNA and cell biology</subfield>
  </datafield>
  <datafield tag="246" ind1="0" ind2=" " >
    <subfield code="a">DNA Cell Biol</subfield>
  </datafield>
  <datafield tag="246" ind1="0" ind2=" " >
    <subfield code="a">DNA</subfield>
  </datafield>
  <datafield tag="246" ind1="0" ind2=" " >
    <subfield code="a">Deoxyribonucleic acid and cell biology</subfield>
  </datafield>
  <datafield tag="246" ind1="0" ind2=" " >
    <subfield code="a">DNA cell biol.</subfield>
  </datafield>
  <datafield tag="246" ind1="0" ind2=" " >
    <subfield code="a">DNA and cell biology</subfield>
  </datafield>
  <datafield tag="246" ind1="0" ind2=" " >
    <subfield code="a">DCB</subfield>
  </datafield>

  <datafield tag="653" ind1=" " ind2="0">
    <subfield code="a">DNA.</subfield>
   </datafield>
  <datafield tag="653" ind1=" " ind2="0">
    <subfield code="a">Genes.</subfield>
   </datafield>
  <datafield tag="653" ind1=" " ind2="0">
    <subfield code="a">Genetic Techniques.</subfield>
   </datafield>
  <datafield tag="653" ind1=" " ind2="0">
    <subfield code="a">Nucleic Acids.</subfield>
   </datafield>
  <datafield tag="022" ind1=" " ind2=" ">
    <subfield code="a">1044-5498 10445498 15577430</subfield>
   </datafield>
  <datafield tag="260" ind1=" " ind2=" ">
    <subfield code="b">New York Liebert</subfield>
   </datafield>



  <datafield tag="852" ind1=" " ind2=" ">
    <subfield code="a">AP</subfield>
    <subfield code="u">338668</subfield>
  </datafield>
  <datafield tag="852" ind1=" " ind2=" ">
    <subfield code="a">FUCAM</subfield>
    <subfield code="u">000946290</subfield>
  </datafield>
  <datafield tag="852" ind1=" " ind2=" ">
    <subfield code="a">KULEUVEN</subfield>
    <subfield code="u">001136582</subfield>
  </datafield>
  <datafield tag="852" ind1=" " ind2=" ">
    <subfield code="a">UAntwerpen</subfield>
    <subfield code="u">338668</subfield>
  </datafield>
  <datafield tag="852" ind1=" " ind2=" ">
    <subfield code="a">UCL</subfield>
    <subfield code="u">000946290</subfield>
  </datafield>
  <datafield tag="852" ind1=" " ind2=" ">
    <subfield code="a">ULg</subfield>
    <subfield code="u">ALEPH_ULG000540784</subfield>
  </datafield>
  <datafield tag="852" ind1=" " ind2=" ">
    <subfield code="a">VUB</subfield>
    <subfield code="u">241601</subfield>
  </datafield>


</record>
</recordData><recordPosition>10</recordPosition></record>
</records>

<extraResponseData></extraResponseData> 
<echoedSearchRetrieveRequest><version>1.1</version><query>dna</query><startRecord>1</startRecord><maximumRecords>10</maximumRecords><recordSchema>marcxml</recordSchema><xQuery><searchClause xmlns="http://www.loc.gov/zing/cql/xcql/"><index>srw.ServerChoice</index><relation><value>scr</value></relation><term>dna</term></searchClause></xQuery></echoedSearchRetrieveRequest>
</searchRetrieveResponse>
